<?xml version="1.0" encoding="UTF-8"?><collection xmlns="http://www.loc.gov/MARC21/slim"><record><leader>00617nam--2200181-i-4500</leader><controlfield tag="001">000032553</controlfield><controlfield tag="002">20161230</controlfield><controlfield tag="005">20161230201039</controlfield><controlfield tag="008">060222s1000------------r-----000-0-fre-d</controlfield><datafield ind1=" " ind2=" " tag="040"><subfield code="a">IFIN-HH</subfield></datafield><datafield ind1=" " ind2=" " tag="041"><subfield code="a">fre</subfield></datafield><datafield ind1=" " ind2=" " tag="080"><subfield code="a">546.631:015:539.125.4.17</subfield></datafield><datafield ind1="1" ind2=" " tag="100"><subfield code="a">Mittig, Wolfgang</subfield></datafield><datafield ind1="1" ind2="0" tag="245"><subfield code="a">Spectroscopie de 41sc par diffusion resonnate de protons; mise en evidence d'une structure intermediaire et interpretation de niveax a l'aide de configurations deformees</subfield><subfield code="b">These</subfield><subfield code="c">Wolfgang mittig</subfield></datafield><datafield ind1=" " ind2=" " tag="260"><subfield code="a">Orsay</subfield><subfield code="b">Universite</subfield><subfield code="c">1971</subfield></datafield><datafield ind1=" " ind2=" " tag="300"><subfield code="a">108P.+ 28FIG</subfield></datafield><datafield ind1=" " ind2=" " tag="852"><subfield code="a">38035</subfield><subfield code="c">539.163.2</subfield></datafield><datafield ind1=" " ind2=" " tag="CAT"><subfield code="a">Sys</subfield><subfield code="c">20120524</subfield><subfield code="h">142956</subfield></datafield></record></collection>